@INPROCEEDINGS{6955337,
author={J. J. Alvarez and J. A. Hurtado},
booktitle={Computing Colombian Conference (9CCC), 2014 9th},
title={Implementing the software requirements engineering practices of the ISO 29110-5-1-1 standard with the unified process},
year={2014},
pages={175-183},
keywords={ISO standards;factory automation;systems analysis;ISO 29110-5-1-1 standard;PRODIGIA software process;UP-VSE;industrial automation;software requirements engineering;unified process;IEC standards;ISO standards;Jacobian matrices;Mathematical model;Software;Unified modeling language;ISO 29110;Software Process Improvement;Software Requirements Engineering;Unified Process;Very Small Entities},
doi={10.1109/ColumbianCC.2014.6955337},
month={Sept},}
